@inproceedings{pinocchio,
	author = {Johnathan Mell and Jonathan Gratch},
	title = {Grumpy \& Pinocchio: Answering Human-Agent Negotia-tion Questions through Realistic Agent Design},
	booktitle = {Proceedings of the 16th Conference on Autonomous Agents and MultiAgent Systems},
	address = {São Paulo},
	pages = {401-409},
	month = {8-12 May},
	year = {2017}
}

@inproceedings{iago,
	author = {Johnathan Mell and Jonathan Gratch},
	title = {IAGO: Interactive Arbitration Guide Online (Demonstration)},
	booktitle = {Proceedings of the 2016 International Conference on Autonomous Agents \& Multiagent Systems},
	address = {Singapore},
	pages = {1510-1512},
	month = {9-13 May},
	year = {2016}
}

@inproceedings{emotion,
	author = {Celso M. de Melo and Peter Carnevale and Jonathan Gratch},
	title = {The Effect of Expression of Anger and Happiness in Computer Agents on Negotiations with Humans},
	booktitle = {The 10th International Conference on Autonomous Agents and Multiagent Systems},
	address = {Taipei, Taiwan},
	volume = {3},
	pages = {937-944},
	month = {2-6 May},
	year = {2011}
}

@inproceedings{anac2010-2017,
	author = {Catholijn M. Jonker and Reyhan Aydogan and Tim Baarslag and Katsuhide Fujita and Takayuki Ito and Koen V. Hindriks},
	title = {Automated Negotiating Agents Competition (ANAC)},
	booktitle = {Proceedings of the Thirty-First AAAI Conference on Artificial Intelligence},
	address = {San Francisco, California, USA},
	pages = {5070-5072},
	month = {4-9 February},
	year = {2017}
}

@misc{anac2018,
	author = {Reyhan Aydogan and Tim Baarslag and Katsuhide Fujita and Takayuki Ito and Dave de Jonge and Catholijn Jonker and Johnathan Mell},
	title = {The Ninth International Automated Negotiating Agents Competition(ANAC2018)},
    howpublished = {\url{http://web.tuat.ac.jp/~katfuji/ANAC2018/}},
	year = {2018}
}

@misc{anac2019,
	author = {Reyhan Aydogan and Tim Baarslag and Katsuhide Fujita and Takayuki Ito and Dave de Jonge and Catholijn Jonker and Johnathan Mell},
	title = {The Tenth International Automated Negotiating Agents Competition(ANAC2019)},
    howpublished = {\url{http://web.tuat.ac.jp/~katfuji/ANAC2019/}},
	year = {2019}
}

@misc{anac2020,
	author = {Reyhan Aydogan and Tim Baarslag and Katsuhide Fujita and Takayuki Ito and Dave de Jonge and Catholijn Jonker and Johnathan Mell},
	title = {The Eleventh International Automated Negotiating Agents Competition(ANAC2020)},
    howpublished = {\url{http://web.tuat.ac.jp/~katfuji/ANAC2020/}},
	year = {2020}
}

@inproceedings{tipij,
	author = {小塩真司 and 阿部晋吾 and Pino Cutrone},
	title = {日本語版Ten Item Personality Inventory（TIPI-J）作成の試み},
	booktitle = {パーソナリティ研究},
	pages = {40-52},
	volume = {21巻},
	year = {2012}
}

@book{ daniel,
    author = {Daniel Nettle},
    title = {パーソナリティを科学する},
    publisher = {白楊社},
    year = {2009},
    note = {竹内和世 訳}
}

@book{ psychology,
    author = {無藤隆 and 森敏昭 and 遠藤由美 and 玉瀬耕治},
    title = {心理学 新版},
    publisher = {有斐閣},
    year = {2018}
}

@book{ first-personality,
    author = {小塩真司},
    title = {はじめて学ぶパーソナリティ心理学-個性をめぐる冒険-},
    publisher = {ミネルヴァ書房},
    year = {2010}
}

@inproceedings{negmas,
    author = {Yasser Mohammad and Amy Greenwald and Shinji Nakadai},
    title = {NegMAS: A platform for situated negotiations},
    booktitle = {Twelfth International Workshop on Agent-based Complex Automated Negotiations (ACAN2019) in conjunction with IJCAI},
    year = {2019}
}

@article{genius,
    author = {Raz Lin and Sarit Kraus and Tim Baarslag and Dmytro Tykhonov and Koen Hindriks and Catholijn M. Jonker},
    title = {Genius: An integrated environment for supporting the design of generic automated negotiators},
    journal = {Computational Intelligence},
    volume = {30},
    number = {1},
    pages = {48-70},
    year = {2014}
}

@inproceedings{favor,
    author = {Johnathan Mell and Gale M. Lucas and Jonathan Gratch},
    title = {Varied Magnitude Favor Exchange in Human-Agent Negotiation},
    booktitle = {Proceedings of the 2020 International Conference on Intelligent Virtual Agents},
    year = {2020}
}

@article{tki,
    author = {Ralph H. Kilmann and Kenneth W. Thomas},
    title = {Developing a Forced-Choice Measure of Conflict-Handling Behavior: The ”MODE” Instrument},
    journal = {Educational and Psychological Measurement},
    volume = {37},
    number = {2},
    pages = {309-325},
    month = {July},
    year = {1977}
}

@inproceedings{tki-ha,
    author = {Gaurav Koley and Shrisha Rao},
    title = {Adaptive Human-Agent Multi-Issue Bilateral Negotiation Using the Thomas-Kilmann Conflict Mode Instrument},
    booktitle = {22nd IEEE/ACM International Symposium on Distributed Simulation and Real Time Applications (DS-RT 2018)},
    publisher = {IEEE},
    address = {Madrid, Spain},
    month = {October},
    year = {2018}
}

@inproceedings{tki-aa,
    author = {Katsuhide Fuijita},
    title = {Efficient Strategy Adaptation for Complex Multi-times Bilateral Negotiations},
    booktitle = {2014 IEEE 7th International Conference on Service-Oriented Computing and Applications},
    publisher = {IEEE},
    pages = {207-214},
    month = {November},
    year = {2014}
}

@article{allport,
    author = {Gordon W. Allport},
    title = {Personality and character},
    journal = {Psychological Bulletin},
    volume = {18},
    number = {9},
    pages = {441-455}, 
    year = {1921}
}

@article{allport_odbert,
    author = {Gordon W. Allport and Henry S. Odbert},
    title = {Trait-names: A psycho-lexical study},
    journal = {Psychological Monographs},
    volume = {47},
    number = {1},
    pages = {i-171}, 
    year = {1936}
}
@book{cattell,
    author = {Raymond B. Cattell},
    title = {Description and measurement of personality},
    publisher = {World Book Company},
    year = {1946}
}

@book{16pf,
    author = {Raymond B. Cattell and Herbert W. Eber and Maurice M. Tatsuoka},
    title = {Handbook for the Sixteen Personality Factor Questionnaire(16PF)},
    publisher = {Institute for Personality and Ability Testing(IPAT)},
    address = {Champaign},
    year = {1970}
}

@book{mpi,
    author = {Hans J. Eysenck},
    title = {Manual of the Maudsley Personality Inventory},
    address = {London, England},
    publisher = {University of London Press},
    year = {1959}
}

@book{epq,
    author = {Hans J. Eysenck and Sybil B.G. Eysenck},
    title = {Manual of the Eysenck Personality Questionnaire (Junior and Adult)},
    address = {London, England},
    publisher = {Hodder \& Stoughton},
    year = {1975}
}

@article{goldberg-1981,
    author = {Lewis R. Goldberg},
    title = {Language and individual differences: The search for universals in personality lexicons},
    journal = {Review of Personality and Social Psychology},
    volume = {2},
    pages = {141-165},
    publisher = {Beverly Hills, CA: Sage},
    year = {1981}
}

@article{goldberg-1990,
    author = {Lewis R. Goldberg},
    title = {An alternative “description of personality”: The big-five factor structure},
    journal = {Journal of Personality and Social Psychology},
    volume = {59},
    number = {6},
    pages = {1216–1229},
    year = {1990}
}

@article{goldberg-1992,
    author = {Lewis R. Goldberg},
    title = {The development of markers for the big-five factor structure},
    journal = {Psychological Assessment},
    volume = {4},
    number = {1},
    pages = {26–42},
    year = {1992}
}

@article{mccrae-1987,
    author = {Robert R. McCrae and Paul T. Costa Jr.},
    title = {Validation of the five-factor model of personality across instruments and observers},
    journal = {Journal of Personality and Social Psychology},
    volume = {52},
    number = {1},
    pages = {81–90},
    year = {1987}
}

@article{mccrae-1992,
    author = {Robert R. McCrae and Oliver P. John},
    title = {An introduction to the five-factor model and its applications},
    journal = {Journal of Personality},
    volume = {60},
    number = {2},
    pages = {175–215},
    year = {1992}
}

#
@inproceedings{nego_principle,
	author = {Harold H. Kelley},
	title = {A classroom study of the dilemmas in interpersonal negotiations},
	booktitle = {Strategic interaction and conflict},
	pages = {49-73},
	year = {1966}
}

#
@inproceedings{concession,
	author = {A. F. Stuhlmacher and T. L. Gillespie and M. V. Champagne},
	title = {The Impact of Time Pressure in Negotiation:A Meta-Analysis},
	booktitle = {The International Journal of Conflict Management},
	volume = {9},
	pages = {97-116},
	year = {1998}
}

#
@inproceedings{aop,
	author = {Ariel Rubinstein},
	title = {A Bargaining Model with Incomplete	Information About Time Preferences},
	booktitle = {Econometrica},
	volume = {53},
	number = {5},
	pages = {1151-1172},
	year = {1985}
}

#
@inproceedings{behavior,
	author = {G. Van Kleef and C. De Dreu and A. Manstead},
	title = {An Interpersonal Approach to Emotion in Social Decision Making:The Emotions as Social Information Model},
	booktitle = {Advances in Experimental Social Psychology},
	volume = {42},
	pages = {45-96},
	year = {2010}
}

#
@inproceedings{angryhappy,
	author = {G. Van Kleef and C. De Dreu and A. Manstead},
	title = {The interpersonal effects of anger and happiness in negotiations},
	booktitle = {Journal of Personality and Social Psychology},
	volume = {86},
	pages = {57-76},
	year = {2004}
}

#
@inproceedings{graduate,
	author = {R. S. Rubin and E. C. Dierdorff},
	title = {How Relevant Is the MBA? Assessing the Alignment of Required Curricula and Required Managerial Competencies},
	booktitle = {Academy of	Management Learning \& Education},
	volume = {8},
	number = {2},
	pages = {208-224},
	year = {2009}
}

#
@inproceedings{vr,
	author = {J. Broekens and M. Harbers and W.-P. Brinkman and C. M. Jonker and K. Van den Bosch and J.-J. Meyer},
	title = {Virtual Reality Negotiation Training Increases Negotiation Knowledge and Skill},
	booktitle = {12th International Conference on Intelligent Virtual Agents},
	pages = {218-230},
	year = {2012}
}

#
@inproceedings{ct,
	author = {Y. A. Gal and B. J. Grosz and S. Kraus and A. Pfeffer and S. Shieber},
	title = {Colored Trails: A Formalism for Investigating Decision-making in Strategic Environments},
	booktitle = {Proceedings of the 2005 IJCAI Workshop on Reasoning, Representation, and Learning in Computer Games},
	pages = {25-30},
	year = {2005}
}

#
@inproceedings{webct,
	author = {Johnathan Mell and Gale Lucas and Jonathan Gratch},
	title = {An Effective Conversation Tactic for Creating Value over Repeated Negotiations},
	booktitle = {Proceedings of the 2015 International Conference on Autonomous Agents and Multiagent Systems},
	pages = {1567-1576},
	address = {Istanbul},
	month = {4-8 May},
	year = {2015}
}

#
@inproceedings{negochat,
	author = {Avi Rosenfeld and Inon Zuckerman and Erel Segal-Halevi and Osnat Drein and Sarit Kraus},
	title = {NegoChat: a chat-based negotiation agent},
	booktitle = {Proceedings of the 2014 international conference on Autonomous agents and multi-agent systems},
	pages = {525-532},
	address = {Paris},
	month = {5-9 May},
	year = {2014}
}

#
@inproceedings{visualize,
	author = {Emmanuel Johnson and Jonathan Gratch and David Devault},
	title = {Towards An Autonomous Agent that Provides Automated Feedback on Students’ Negotiation Skills},
	booktitle = {Proceedings of the 16th Conference on Autonomous Agents and MultiAgent Systems},
	address = {São Paulo},
	pages = {410-418},
	month = {8-12 May},
	year = {2017}
}